@webpage{openstreet,
    author =            "{OpenStreetMap Wiki contributors}",
    title =             "OpenStreetMap Wiki",
    howpublished =      "online",
    cited =             "2022-02-18",
    revised =           "Revidov√°no 19.7.2020",
    url =               "https://wiki.openstreetmap.org/wiki/Main_Page"
}
